# Complex networks bibliography 2020

    G. Rossetti, L. Milli, S. Rinzivillo, A. Sirbu, D. Pedreschi, F. Giannotti. “NDlib: a Python Library to Model and Analyze Diffusion Processes Over Complex Networks” Journal of Data Science and Analytics. 2017. DOI:0.1007/s41060-017-0086-6 (pre-print available on arXiv)

    G. Rossetti, L. Milli, S. Rinzivillo, A. Sirbu, D. Pedreschi, F. Giannotti. “NDlib: Studying Network Diffusion Dynamics” IEEE International Conference on Data Science and Advanced Analytics, DSAA. 2017.

@article{NDlib,
author    = {Giulio Rossetti and
            Letizia Milli and
            Salvatore Rinzivillo and
            Alina S{\^{\i}}rbu and
            Fosca Giannotti and
            Dino Pedreschi},
title     = {NDlib: a python library to model and analyze diffusion processes over complex networks},
journal   = {International Journal of Data Science and Analytics},
volume    = {5},
pages = {61 - 79},
year      = {2018},
month = {02},
doi  = {https://doi.org/10.1007/s41060-017-0086-6}
}
url       = {http://arxiv.org/abs/1801.05854},
archivePrefix = {arXiv},
eprint    = {1801.05854},
timestamp = {Mon, 13 Aug 2018 16:46:00 +0200},
biburl    = {https://dblp.org/rec/journals/corr/abs-1801-05854.bib},
bibsource = {dblp computer science bibliography, https://dblp.org}



Adam Kucharski - The rules of contagion


What happens next (https://ncase.me/covid-19/)


IDMOD.com (HIV, COVID19)

